@article{kaur2015suitability,
  title={Suitability of existing software development life cycle (sdlc) in context of mobile application development life cycle (madlc)},
  author={Kaur, Anureet and Kaur, Kulwant},
  journal={International Journal of Computer Applications},
  volume={116},
  number={19},
  year={2015},
  publisher={Citeseer}
}

@book{moazed2019platform,
  title={Platform: Practical using of revolutional business model},
  author={Johnson Nicolaus and Moazed Alex},
  year={2019},
  publisher={Alpina Publisher}
}

@inproceedings{vithani2014modeling,
  title={Modeling the mobile application development lifecycle},
  author={Vithani, Tejas and Kumar, Anand},
  booktitle={Proceedings of the International MultiConference of Engineers and Computer Scientists},
  volume={1},
  pages={596--600},
  year={2014}
}